<?xml version="1.0" encoding="UTF-8"?><collection xmlns="http://www.loc.gov/MARC21/slim"><record><leader>00599nam--2200181-i-4500</leader><controlfield tag="001">000030071</controlfield><controlfield tag="002">20161230</controlfield><controlfield tag="005">20161230201038</controlfield><controlfield tag="008">060222s1000------------r-----000-0-fre-d</controlfield><datafield ind1=" " ind2=" " tag="040"><subfield code="a">IFIN-HH</subfield></datafield><datafield ind1=" " ind2=" " tag="041"><subfield code="a">fre</subfield></datafield><datafield ind1=" " ind2=" " tag="080"><subfield code="a">533.77(043)</subfield></datafield><datafield ind1="1" ind2=" " tag="100"><subfield code="a">Laterrasse, Jean Louis Paul</subfield></datafield><datafield ind1="1" ind2="0" tag="245"><subfield code="a">Etablissement des equations de relaxation collisionnelle en phase gazeuse. appliccation a l`interpretation des experiences sur les gaz polyatomiques</subfield><subfield code="b">These</subfield><subfield code="c">Jean louis paul laterrasse</subfield></datafield><datafield ind1=" " ind2=" " tag="260"><subfield code="a">1978</subfield><subfield code="b">Universite De Paris-sud</subfield></datafield><datafield ind1=" " ind2=" " tag="300"><subfield code="a">212P</subfield></datafield><datafield ind1=" " ind2=" " tag="852"><subfield code="a">48531</subfield><subfield code="c">533.7</subfield></datafield><datafield ind1=" " ind2=" " tag="CAT"><subfield code="a">Sys</subfield><subfield code="c">20110114</subfield><subfield code="h">090419</subfield></datafield></record></collection>